@article{marlow2010haskell,
  title={Haskell 2010 language report},
  author={Marlow, Simon and others},
  url={http://www.haskell.org/onlinereport/haskell2010},
  year={2010}
}

@article{dijkstra2001members,
  title={To the members of the {B}udget {C}ouncil},
  author={Dijkstra, Edsger W.},
  year={2001}
}

